@article{Ercolessi1988,
	author = "Ercolessi, F. and Parrinello, M. and Tosatti, E.",
	date-added = "2016-06-21 15:03:54 +0000",
	date-modified = "2016-06-21 15:04:13 +0000",
	journal = "Philosophical Magazine A",
	number = "1",
	pages = "213--226",
	title = "{Simulation of gold in the glue model}",
	volume = "58",
	year = "1988"
}

@article{Jonhson1988:EAM,
	author = "Johnson, R. A.",
	date-added = "2016-06-21 15:02:10 +0000",
	date-modified = "2016-06-21 16:51:52 +0000",
	journal = "Phys. Rev. B",
	pages = "3924--3931",
	title = "{Analytic nearest-neighbor model for fcc metals}",
	volume = "37",
	year = "1988"
}

@article{Foiles1986:EAMfcc,
	author = "Foiles, S. M. and Baskes, M. I. and Daw, M. S.",
	date-added = "2016-06-21 14:59:30 +0000",
	date-modified = "2016-06-21 15:07:53 +0000",
	issue = "12",
	journal = "Phys. Rev. B",
	month = "Jun",
	pages = "7983--7991",
	title = "{Embedded-atom-method functions for the fcc metals Cu, Ag, Au, Ni, Pd, Pt, and their alloys}",
	volume = "33",
	year = "1986"
}

@book{Mishin2004:REF34,
	date-added = "2016-06-21 14:56:31 +0000",
	date-modified = "2016-06-21 14:57:18 +0000",
	publisher = "Landolt-Bornstein, Springer",
	title = "{Metals: phonon states, electron states, and Fermi surfaces}",
	year = "1981"
}

@book{Mishin2004:REF33,
	author = "Simmons, G. and Wang, H.",
	date-added = "2016-06-21 14:55:26 +0000",
	date-modified = "2016-06-21 14:56:11 +0000",
	publisher = "MIT Press",
	title = "{Single crystal elastic constants and calculated aggregate properties.}",
	year = "1977"
}

@book{Mishin2004:REF32,
	date-added = "2016-06-21 14:54:09 +0000",
	date-modified = "2016-06-21 14:55:20 +0000",
	editor = "Weast, R.C.",
	publisher = "CRC Press",
	title = "{Handbook of chemistry and physics}",
	year = "1984"
}

@article{Farkas1995:Farkas7,
	author = "Farkas, D. and Mutasa, B. and Vailh{\'e}, C. and Ternes, K",
	date-added = "2016-06-21 14:47:55 +0000",
	date-modified = "2016-06-21 16:42:17 +0000",
	journal = "Modelling Simulation Mater. Sci. Eng.",
	pages = "201",
	volume = "3",
	year = "1995"
}

@inproceedings{Rao1991:Farkas6,
	author = "Rao, A. and Woodward, C. and Parthasarathy, T.",
	booktitle = "{Materials Research Society}",
	date-added = "2016-06-21 14:46:12 +0000",
	date-modified = "2016-06-21 14:47:44 +0000",
	pages = "125--130",
	title = "{Empirical interatomic potentials for L10 \ce{TiAl} and B2 \ce{NiAl}}",
	volume = "213",
	year = "1991"
}

@article{Pasianot1994:Farkas3,
	author = "Pasianot, R and Xie, Z. and Farkas, D. and Savino, E.",
	date-added = "2016-06-21 14:45:01 +0000",
	date-modified = "2016-06-21 14:45:46 +0000",
	journal = "Modelling Simulation Mater. Sci. Eng.",
	pages = "383",
	volume = "2",
	year = "1994"
}

@article{Foiles1987:Farkas5,
	author = "Foiles, S M S. and Daw, Murray S.",
	date-added = "2016-06-21 14:44:04 +0000",
	date-modified = "2016-06-21 14:44:46 +0000",
	journal = "J. Mater. Res.",
	pages = "5",
	volume = "2",
	year = "1987"
}

@inproceedings{Voter1987:Farkas4,
	author = "Voter, A. and Chen, S.",
	booktitle = "{Materials Research Society Symp.}",
	date-added = "2016-06-21 14:42:05 +0000",
	date-modified = "2016-06-21 14:43:40 +0000",
	journal = "Materials Research Society Symp. Proc.",
	pages = "175--180",
	title = "{Accurate interatomic potentials for Ni, Al and \ce{Ni3Al}}",
	volume = "82",
	year = "1987"
}

@article{Daw1983EAM,
	author = "Daw, M.S. and Baskes, M.I.",
	date-added = "2016-06-21 14:34:09 +0000",
	date-modified = "2016-06-21 14:34:09 +0000",
	journal = "Phys. Rev. Lett.",
	pages = "1285",
	volume = "50",
	year = "1983"
}

@article{Daw1984EAM,
	author = "Daw, M.S. and Baskes, M.I.",
	date-added = "2016-06-21 14:33:26 +0000",
	date-modified = "2016-06-21 14:34:33 +0000",
	journal = "Phys. Rev. B",
	pages = "6443",
	volume = "29",
	year = "1984"
}

@article{Finnis1984EAM,
	author = "Finnis, M. W. and Sinclair, J. E.",
	date-added = "2016-06-21 14:31:11 +0000",
	date-modified = "2016-06-21 16:52:20 +0000",
	journal = "Philosophical Magazine A",
	number = "1",
	pages = "45--55",
	title = "{A simple empirical N-body potential for transition metals}",
	volume = "50",
	year = "1984"
}

@article{WilChaJCP2010,
	author = "Willard, Adam P and Chandler, David",
	date-added = "2016-06-21 14:27:38 +0000",
	date-modified = "2016-06-21 16:47:54 +0000",
	journal = "J. Phys. Chem. B",
	number = "5",
	pages = "1954--1958",
	title = "{Instantaneous liquid interfaces}",
	volume = "114",
	year = "2010"
}

@article{Steinhardt1983,
	author = "Steinhardt, P. J. and Nelson, D. R. and Ronchetti, M.",
	date-added = "2016-06-21 14:25:14 +0000",
	date-modified = "2016-06-21 14:25:43 +0000",
	journal = "Phys. Rev. B",
	pages = "784",
	volume = "28",
	year = "1983"
}

@article{BeckerPRL2007,
	author = "Becker, C A and Olmsted, D and Asta, M and Hoyt, J J and Foiles, S M",
	date-added = "2016-06-21 14:21:49 +0000",
	date-modified = "2016-06-21 14:21:49 +0000",
	number = "March",
	pages = "98--101",
	title = "{Atomistic Underpinnings for Orientation Selection in Alloy Dendritic Growth}",
	volume = "125701",
	year = "2007"
}

@article{Fehlner1976,
	author = "Fehlner, W.R. and Vosko, S.H.",
	date-added = "2016-06-21 14:19:05 +0000",
	date-modified = "2016-06-21 14:19:51 +0000",
	journal = "Can. J. Phys.",
	pages = "2159",
	volume = "54",
	year = "1976"
}

@article{Karma1993,
	author = "Karma, A",
	journal = "Phys. Rev. E",
	number = "5",
	pages = "3441--3458",
	pmid = "9961002",
	title = "{Fluctuations in solidification}",
	volume = "48",
	year = "1993"
}

@article{Hapke1998:HoytREVIEW44,
	author = "Hapke, T. and Patzold, G. and Heermann, D.W.",
	date-added = "2016-06-21 14:15:27 +0000",
	date-modified = "2016-06-21 14:15:57 +0000",
	journal = "J. Chem. Phys.",
	pages = "10075",
	volume = "109",
	year = "1998"
}

@article{Sides1999:HoytREVIEW43,
	author = "Sides, S.W. and Grest, G.S. and Lacasse, M.D.",
	date-added = "2016-06-21 14:14:26 +0000",
	date-modified = "2016-06-21 14:15:19 +0000",
	journal = "Phys. Rev. E",
	pages = "6708",
	volume = "60",
	year = "1999"
}

@article{HoytPRL2001:CFM,
	author = "Hoyt, J. J. and Asta, Mark and Karma, Alain",
	date-modified = "2016-06-21 16:52:58 +0000",
	journal = "Phys. Rev. Lett.",
	pages = "5530--5533",
	title = "{Method for Computing the Anisotropy of the Solid-Liquid Interfacial Free Energy}",
	volume = "86",
	year = "2001"
}

@article{Morris2007:Angioletti19,
	author = "Morris, J. R. and Mendelev, M. and Srolovitz, D.",
	date-added = "2016-06-21 14:07:03 +0000",
	date-modified = "2016-06-21 14:07:50 +0000",
	journal = "J. Non-Cryst. Solids",
	number = "3565",
	volume = "353",
	year = "2007"
}

@article{Altmann1965:Angioletti7,
	author = "Altmann, S. L. and Cracknell, A. P.",
	date-added = "2016-06-21 14:05:49 +0000",
	date-modified = "2016-06-21 14:06:18 +0000",
	journal = "Rev. Mod. Phys.",
	pages = "19",
	volume = "37",
	year = "1965"
}

@article{Morris2003:Angioletti10,
	author = "Morris, J. R. and Song, X.",
	date-added = "2016-06-21 14:04:37 +0000",
	date-modified = "2016-06-21 14:05:03 +0000",
	journal = "J. Chem. Phys.",
	number = "3920",
	volume = "119",
	year = "2003"
}

@article{Bai2006xs:Angioletti6,
	author = "Bai, X.-M. and Li, M.",
	date-added = "2016-06-21 14:03:46 +0000",
	date-modified = "2016-06-21 14:04:21 +0000",
	journal = "J. Chem. Phys.",
	pages = "124707",
	volume = "124",
	year = "2006"
}

@article{Davidchack2006,
	author = "{R. L. Davidchack}, J. R. Morris and Laird, B. B.",
	date-added = "2016-06-21 14:02:09 +0000",
	date-modified = "2016-06-21 14:02:59 +0000",
	journal = "J. Chem. Phys.",
	pages = "094710",
	volume = "125",
	year = "2006"
}

@article{Davidchack2000PRL,
	author = "Davidchack, R. L. and Laird, B. B.",
	date-added = "2016-06-21 13:59:38 +0000",
	date-modified = "2016-06-21 14:00:14 +0000",
	journal = "Phys. Rev. Lett.",
	pages = "4751",
	volume = "85",
	year = "2000"
}

@article{Broughton1986,
	author = "Broughton, J. Q. and Gilmer, G. H.",
	date-added = "2016-06-21 13:58:38 +0000",
	date-modified = "2016-06-21 13:59:22 +0000",
	journal = "J. Chem. Phys.",
	pages = "57--59",
	volume = "74",
	year = "1986"
}

@article{Cheng2015,
	author = "Cheng, Bingqing and Tribello, Gareth A. and Ceriotti, Michele",
	doi = "10.1103/PhysRevB.92.180102",
	journal = "Phys. Rev. B - Condens. Matter Mater. Phys.",
	number = "18",
	pages = "1--5",
	title = "{Solid-liquid interfacial free energy out of equilibrium}",
	volume = "92",
	year = "2015"
}

@article{Angioletti-Uberti2010,
	author = "Angioletti--Uberti, S. and Ceriotti, M. and Lee, P. D. and Finnis, M. W.",
	date-added = "2016-06-21 13:52:54 +0000",
	date-modified = "2016-06-21 13:54:03 +0000",
	journal = "Phys. Rev. B",
	pages = "125416",
	title = "{Solid--liquid interface free energy through metadynamics simulations}",
	volume = "81",
	year = "2010"
}

@book{Takamichi1993,
	author = "Takamichi, I. and Roderick, I.~L.~G.",
	date-added = "2016-06-21 13:49:41 +0000",
	date-modified = "2016-06-21 13:50:20 +0000",
	publisher = "Clarendon Press",
	title = "{The physical properties of liquid metals}",
	year = "1993"
}

@inproceedings{Becker2009:GuREVIEW157,
	author = "Becker, D. and Meiners, W. and Wissenbach, K.",
	booktitle = "{Lasers in Manufacturing}",
	date-added = "2016-06-21 13:22:09 +0000",
	date-modified = "2016-06-21 13:23:20 +0000",
	month = "June",
	pages = "195--199",
	publisher = "WLT",
	title = "{Additive manufacturing of copper alloys by selective laser melting}",
	year = "2009"
}

@article{Simchi2003:GuREVIEW173,
	author = "Simchi, A. and Petzoldt, F. and Pohl, H.",
	date-added = "2016-06-21 13:21:11 +0000",
	date-modified = "2016-06-21 13:21:48 +0000",
	journal = "J. Mater. Process. Technol.",
	pages = "319--328",
	volume = "141",
	year = "2003"
}

@article{Childs2005:GuREVIEW167,
	author = "Childs, T. H. C. and Hauser, C. and Badrossamay, M.",
	date-added = "2016-06-21 13:19:36 +0000",
	date-modified = "2016-06-21 13:20:23 +0000",
	journal = "Proc. Inst. Mec. Eng.",
	pages = "339--357",
	volume = "219B",
	year = "2005"
}

@article{Wright2006:GuREVIEW166,
	author = "Wright, C. S. and Youseffi, M. and Akhtar, S. P. and Childs, T. H. C. and Hauser, C. and Fox, P. and Xie, J.",
	date-added = "2016-06-21 13:17:44 +0000",
	date-modified = "2016-06-21 13:19:35 +0000",
	journal = "Mater. Sci. Forum",
	pages = "516--523",
	volume = "514--516",
	year = "2006"
}

@article{Laberge1979:35GoldBook,
	author = "Laberge, J.~J. and Tr{\'e}heux, D. and Guiraldeng, P.",
	date-added = "2016-06-21 13:14:11 +0000",
	date-modified = "2016-06-21 13:14:53 +0000",
	journal = "Gold Bull.",
	pages = "45",
	title = "{Hardening of gold-based dental casting alloys: Influence of minor additions and thermal ageing}",
	volume = "12(2)",
	year = "1979"
}

@article{Chaston1971:31GoldBook,
	author = "Chaston, C.",
	date-added = "2016-06-21 13:12:52 +0000",
	date-modified = "2016-06-21 13:14:00 +0000",
	journal = "Gold Bull.",
	pages = "70",
	title = "{Heat treatment of gold alloys: The mechanism of disorder order hardening}",
	volume = "4",
	year = "1971"
}

@article{Suss2004,
	author = "S{\"u}ss, R. and van der Lingen, E. and Gardner, L. and du Toit, M.",
	date-added = "2016-06-21 13:11:12 +0000",
	date-modified = "2016-06-21 13:11:59 +0000",
	journal = "Gold Bull.",
	pages = "196",
	title = "{Carat yellow gold alloys with increased hardness}",
	volume = "37(3--4)",
	year = "2004"
}

@book{MetalPocketbook1995,
	date-added = "2016-06-21 13:09:09 +0000",
	date-modified = "2016-06-21 13:10:06 +0000",
	publisher = "H{\"u}tig--Verlag",
	title = "{Edelmetalltaschenbuch (Precious Metal Pocketbook)}",
	year = "1995"
}

@book{Humphreys2004,
	author = "Humphreys, F. J. and Hatherly, M.",
	date-added = "2016-06-21 13:07:46 +0000",
	date-modified = "2016-06-21 13:08:18 +0000",
	publisher = "Elsevier",
	title = "{Recrystallization and Related Annealing Phenomena}",
	year = "2004"
}

@article{Lucke1957,
	author = "L{\"u}cke, K. and Detert, K.",
	date-added = "2016-06-21 13:06:41 +0000",
	date-modified = "2016-06-21 13:07:26 +0000",
	journal = "Acta Metall.",
	pages = "628",
	title = "{A quantitative theory of grain-boundary motion and recrystallization in metals in the presence of impurities}",
	volume = "5",
	year = "1957"
}

@article{Ott1981,
	author = "Ott, D. and Raub, Ch. J.",
	date-added = "2016-06-21 13:02:19 +0000",
	date-modified = "2016-06-21 13:03:00 +0000",
	journal = "Gold Bulletin",
	pages = "69",
	title = "{Grain size of gold and gold alloys}",
	volume = "14(2)",
	year = "1981"
}

@article{Nielsen1966,
	author = "Nielsen, J. P. and Tuccillo, J. J.",
	date-added = "2016-06-21 13:00:51 +0000",
	date-modified = "2016-06-21 13:01:28 +0000",
	journal = "J. Dent. Res.",
	title = "{Grain size in cast gold alloys}",
	year = "1966"
}

@book{TernaryAlloyBOOK2006,
	date-added = "2016-06-21 12:58:48 +0000",
	date-modified = "2016-06-21 12:59:35 +0000",
	editor = "Effenberg, G. and Ilyenko, S.",
	publisher = "Springer-Verlag",
	title = "{Ternary Alloy Systems, Subvolume B: Noble Metal Systems}",
	year = "2006"
}

@book{PrinceBOOK1990,
	author = "Prince, A. and Raynor, G. V. and Evans, D. S.",
	date-added = "2016-06-21 12:58:12 +0000",
	date-modified = "2016-06-21 12:58:45 +0000",
	publisher = "The Institute of Metals",
	title = "{Phase Diagrams of Ternary Gold Alloys}",
	year = "1990"
}

@book{OkamotoBOOK1987,
	author = "Okamoto, H. and Massalski, T. B.",
	date-added = "2016-06-21 12:57:07 +0000",
	date-modified = "2016-06-21 12:58:00 +0000",
	publisher = "ASM International",
	title = "{Phase Diagrams of Binary Gold Alloys}",
	year = "1987"
}

@book{GoldBOOK2010,
	date-added = "2016-06-21 12:46:30 +0000",
	date-modified = "2016-06-21 12:47:56 +0000",
	editor = "Corti, C and Holliday, R",
	publisher = "CRC Press",
	title = "{Gold: science and applications}",
	year = "2010"
}

@book{LeyensBOOK2003,
	author = "Leyens, C and Peters, M",
	date-added = "2016-06-21 12:42:42 +0000",
	date-modified = "2016-06-21 12:43:49 +0000",
	publisher = "Wilye VCH",
	title = "{Titanium and titanium alloys}",
	year = "2003"
}

@article{Xue2007,
	author = "Xue, W. C. and Krishna, B. V. and Bandyopadhyay, A. and Bose, S.",
	date-added = "2016-06-21 12:29:18 +0000",
	date-modified = "2016-06-21 12:29:44 +0000",
	journal = "Acta Biomater.",
	pages = "1007--1018",
	volume = "3",
	year = "2007"
}

@article{Krishna2007,
	author = "Krishna, B. V. and Bose, S. and Bandyopadhyay, A.",
	date-added = "2016-06-21 12:28:14 +0000",
	date-modified = "2016-06-21 12:29:09 +0000",
	journal = "Acta Biomater.",
	number = "3",
	pages = "997--1006",
	year = "2007"
}

@article{Das2003,
	author = "Das, S.",
	date-added = "2016-06-21 12:24:02 +0000",
	date-modified = "2016-06-21 12:24:51 +0000",
	journal = "Adv. Eng. Mater.",
	pages = "701--711",
	volume = "5",
	year = "2003"
}

@article{Kempen2013,
	author = "Kempen, K. and Vrancken, B. and Thijs, L. and Buls, S. and Humbeeck, J. Van and Kruth, J.-P.",
	date-added = "2016-06-21 12:19:13 +0000",
	date-modified = "2016-06-21 12:20:18 +0000",
	journal = "Solid Freeform Fabrication Symposium Proceedings",
	year = "2013"
}

@article{GuReview58,
	author = "Agarwala, M. and Bourell, D. and Beaman, J. and Marcus, H. and Barlow, J.",
	date-added = "2016-06-21 12:10:18 +0000",
	date-modified = "2016-06-21 12:10:45 +0000",
	journal = "Rapid Prototyp. J.",
	pages = "26--36",
	volume = "1",
	year = "1995"
}

@article{GuReview57,
	author = "Kaiser, T. and Albrecht, G. J.",
	date-added = "2016-06-21 12:09:35 +0000",
	date-modified = "2016-06-21 12:10:07 +0000",
	journal = "Laser Techn. J.",
	pages = "54--57",
	volume = "4",
	year = "2007"
}

@article{GuReview55,
	author = "{P. Fischer}, V. Romano A. Blatter and Weber, H. P.",
	date-added = "2016-06-21 12:08:16 +0000",
	date-modified = "2016-06-21 12:08:49 +0000",
	journal = "Laser Phys. Lett.",
	number = "48--55",
	volume = "2",
	year = "2005"
}

@article{GuReview54,
	author = "{D. D. Gu}, Y. F. Shen and Lu, Z. J.",
	date-added = "2016-06-21 12:07:04 +0000",
	date-modified = "2016-06-21 12:07:54 +0000",
	journal = "Mater. Des.",
	pages = "2099--2107",
	volume = "30",
	year = "2009"
}

@article{Yap2015,
	author = "Yap, C. Y. and Chua, C. K. and Dong, Z. L. and Liu, Z. H. and Zhang, D. Q. and Loh, L. E. and Sing, S. L.",
	date-modified = "2016-06-21 16:47:09 +0000",
	journal = "Appl. Phys. Rev.",
	number = "4",
	title = "{Review of selective laser melting: Materials and applications}",
	volume = "2",
	year = "2015"
}

@article{thijs+10actamater,
	author = "Thijs, L and Verhaeghe, F and Craeghs, T and Humbeeck, J.~V. and Kruth, J.~P.",
	doi = "10.1016/j.actamat.2010.02.004",
	journal = "Acta Mater.",
	number = "9",
	pages = "3303--3312",
	title = "{A study of the microstructural evolution during selective laser melting of Ti-6Al-4V}",
	volume = "58",
	year = "2010"
}

@article{murr+12jmatscitech,
	author = "Murr, Lawrence E. and Gaytan, Sara M. and Ramirez, Diana a. and Martinez, Edwin and Hernandez, Jennifer and Amato, Krista N. and Shindo, Patrick W. and Medina, Francisco R. and Wicker, Ryan B.",
	journal = "J. Mater. Sci. Technol.",
	number = "1",
	pages = "1--14",
	title = "{Metal Fabrication by Additive Manufacturing Using Laser and Electron Beam Melting Technologies}",
	volume = "28",
	year = "2012"
}

@article{brem+12rapidman,
	author = "Bremen, Sebastian and Meiners, Wilhelm and Diatlov, Andrei",
	journal = "Laser Tech. J.",
	number = "2",
	pages = "33--38",
	title = "{Selective Laser Melting. A manufacturing technology for the future?}",
	volume = "9",
	year = "2012"
}

@article{gong+14manrev,
	author = "Gong, Xibing and Anderson, Ted and Chou, Kevin",
	journal = "Manuf. Rev.",
	number = "JANUARY 2014",
	pages = "2",
	title = "{Review on powder-based electron beam additive manufacturing technology}",
	volume = "1",
	year = "2014"
}

@article{zhou+15jmatproctech,
	author = "Zhou, Xin and Liu, Xihe and Zhang, Dandan and Shen, Zhijian and Liu, Wei",
	doi = "10.1016/j.jmatprotec.2015.02.032",
	journal = "J. Mater. Process. Technol.",
	keywords = "selective laser melting",
	pages = "33--42",
	title = "{Balling phenomena in selective laser melted tungsten}",
	volume = "222",
	year = "2015"
}

@article{abe+01jmatproctech,
	author = "Abe, F. and Osakada and K. and Shiomi and M. and Uematsu and K. and Matsumoto, M.",
	journal = "J. Mater. Process. Technol.",
	number = "1-3",
	pages = "210--213",
	title = "{The manufacturing of hard tools from metallic powders by selective laser melting}",
	volume = "111",
	year = "2001"
}

@article{pan+15scripmater,
	author = "Panwisawas, C. and Qiu, C.L. and Sovani, Y. and Brooks, J.W. and Attallah, M.M. and Basoalto, H.C.",
	doi = "10.1016/j.scriptamat.2015.04.016",
	journal = "Scr. Mater.",
	pages = "14--17",
	title = "{On the role of thermal fluid dynamics into the evolution of porosity during selective laser melting}",
	volume = "105",
	year = "2015"
}

@article{ivan+13rapprotj,
	author = "Ivanova, Os and Williams, Cb and Campbell, Ta",
	journal = "Rapid Prototyp. J.",
	number = "5",
	pages = "353--364",
	title = "{Additive Manufacturing (AM) and Nanotechnology: Promises and Challenges}",
	volume = "19",
	year = "2013"
}

@article{Cretu1999,
	author = "Cretu, Cristian and Lingen, Elma Van Der",
	doi = "10.1007/BF03214796",
	journal = "Gold Bull.",
	number = "September",
	pages = "115--126",
	title = "{Coloured Gold Alloys}",
	volume = "32",
	year = "1999"
}

@article{kruth+04jmatproctech,
	author = "Kruth, J. P. and Froyen, L. and {Van Vaerenbergh}, J. and Mercelis, P. and Rombouts, M. and Lauwers, B.",
	date-modified = "2016-06-21 16:47:28 +0000",
	journal = "J. Mater. Process. Technol.",
	number = "1-3",
	pages = "616--622",
	title = "{Selective laser melting of iron-based powder}",
	volume = "149",
	year = "2004"
}

@article{gu+12intmatrev,
	author = "Gu, D D and Meiners, W and Wissenbach, K and Poprawe, R",
	doi = "10.1179/1743280411Y.0000000014",
	journal = "Int. Mater. Rev.",
	keywords = "additive manufacturing; alloys; direct metal deposition; direct metal laser sintering; laser engineered net shaping; mechanical property; metal matrix composites; metals; microstructure; rapid manufacturing; rapid prototyping; review; selective laser melting",
	number = "3",
	pages = "133--164",
	title = "{Laser additive manufacturing of metallic components: materials, processes and mechanisms}",
	volume = "57",
	year = "2012"
}

@article{Fischer2004,
	author = "Fischer, P. and Karapatis, N.P. and Andr{\'e}, C. and Glardon, R. and Romano, V. and Leber, H. and Weber, H.P.",
	date-modified = "2016-06-21 12:33:19 +0000",
	journal = "Appl. Phys. A Mater. Sci. Process.",
	number = "8",
	pages = "1219--1227",
	title = "{Microstructure of near-infrared pulsed laser sintered titanium samples}",
	volume = "78",
	year = "2004"
}

@article{Grochola2005,
	author = "Grochola, G. and Russo, S. P. and Snook, I. K.",
	date-modified = "2016-06-21 15:08:16 +0000",
	journal = "J. Chem. Phys.",
	number = "20",
	pages = "204719",
	title = "{On fitting a gold embedded atom method potential using the force matching method.}",
	volume = "123",
	year = "2005"
}

@article{Fan2015,
	author = "Fan, Qin Na and Wang, Chong Yu and Yu, Tao and Du, Jun Ping",
	date-modified = "2016-06-21 16:49:47 +0000",
	journal = "Phys. B Condens. Matter",
	pages = "283--292",
	title = "{A ternary Ni-Al-W EAM potential for Ni-based single crystal superalloys}",
	volume = "456",
	year = "2015"
}

@article{Farkas1994,
	author = "Farkas, D.",
	journal = "Model. Simul. Mater. Sci. Eng.",
	pages = "975--984",
	title = "{Interatomic potentials for Ti-AI with and without angular forces}",
	volume = "2",
	year = "1994"
}

@article{Daw1993REVIEW,
	author = "Daw, Murray S. and Foiles, Stephen M. and Baskes, Michael I.",
	date-modified = "2016-06-21 16:48:16 +0000",
	journal = "Mater. Sci. Reports",
	number = "7-8",
	pages = "251--310",
	title = "{The embedded-atom method: a review of theory and applications}",
	volume = "9",
	year = "1993"
}

@article{Mishin2004,
	author = "Mishin, Y.",
	date-modified = "2016-06-21 16:48:34 +0000",
	journal = "Acta Mater.",
	keywords = "Computer modeling; Interatomic potential; Intermetallic compounds; Phase diagram; Planar faults",
	number = "6",
	pages = "1451--1467",
	title = "{Atomistic modeling of the $\gamma$ and $\gamma$′-phases of the Ni-Al system}",
	volume = "52",
	year = "2004"
}

@article{Asta1999,
	author = "Asta, Mark and Morgan, Dane and Hoyt, J. and Sadigh, Babak and Althoff, J. and de Fontaine, D. and Foiles, S.",
	doi = "10.1103/PhysRevB.59.14271",
	journal = "Phys. Rev. B",
	number = "22",
	pages = "14271--14281",
	title = "{Embedded-atom-method study of structural, thermodynamic, and atomic-transport properties of liquid Ni-Al alloys}",
	volume = "59",
	year = "1999"
}

@article{Farkas1999,
	author = "Farkas, D and Roqueta, D and Vilette, A and Ternes, K",
	doi = "10.1088/0965-0393/4/4/003",
	journal = "Model. Simul. Mater. Sci. Eng.",
	number = "4",
	pages = "359--369",
	title = "{Atomistic simulations in ternary Ni - Ti - Al alloys}",
	volume = "4",
	year = "1999"
}

@article{Bianchini2016,
	author = "Bianchini, F and Kermode, J R and Vita, A De",
	date-modified = "2016-06-21 15:08:39 +0000",
	journal = "Model. Simul. Mater. Sci. Eng.",
	pages = "45012",
	title = "{Modelling defects in Ni--Al with EAM and DFT calculations}",
	volume = "045012",
	year = "2016"
}

@article{Du2013,
	author = "Du, J P and Wang, C Y and Yu, T",
	doi = "10.1088/0965-0393/21/1/015007",
	journal = "Model. Simul. Mater. Sci. Eng.",
	number = "1",
	pages = "015007",
	title = "{Construction and application of multi-element EAM potential (Ni--Al--Re) in $\gamma$ / $\gamma$ ′ Ni-based single crystal superalloys}",
	volume = "21",
	year = "2013"
}

@article{Cai1996,
	author = "Cai, J. and Ye, Y. Y.",
	doi = "10.1103/PhysRevB.54.8398",
	journal = "Phys. Rev. B",
	number = "12",
	pages = "8398--8410",
	pmid = "9984512",
	title = "{Simple analytical embedded-atom-potential model including a long-range force for fcc metals and their alloys}",
	volume = "54",
	year = "1996"
}

@article{Flyvbjerg1989,
	author = "Flyvbjerg, H. and Petersen, H.G.",
	journal = "J. Chem. Phys.",
	pages = "461--466",
	title = "{Error estimates on averages of correlated data}",
	volume = "91",
	year = "1989"
}

@book{FrenkelSmitMD,
	author = "Frenkel, D. and Smit, B.",
	publisher = "Academic Press",
	title = "{Understanding molecular simulation}",
	year = "2002"
}

@article{Becker2009:CFM2D,
	author = "Becker, C.~A. and Olmsted, D.L. and Asta, M. and Hoyt, J.~J. and Foiles, S.~M.",
	journal = "Phys. Rev. B",
	pages = "054109",
	title = "{Atomistic simulations of crystal--melt interfaces in model binary alloys: Interfacial free energies, adsorption coefficients and excess entropy}",
	volume = "79",
	year = "2009"
}

@article{Hoyt2003CFMReview,
	author = "Hoyt, J J and Asta, M and Karma, A",
	journal = "Mat. Sci. Eng. R",
	pages = "121-163",
	title = "{Atomistic and continuum modeling of dendritic solidification}",
	volume = "41",
	year = "2003"
}

@article{Lee2000,
author = {Lee, B. J. and Baskes, M. I.},
journal = {Phys. Rev. B},
number = {13},
pages = {8564--8567},
title = {{Second nearest-neighbor modified embedded-atom-method potential}},
volume = {62},
year = {2000}
}

@article{Tribello2014,
author = {Tribello, Gareth a. and Bonomi, Massimiliano and Branduardi, Davide and Camilloni, Carlo and Bussi, Giovanni},
journal = {Comput. Phys. Commun.},
number = {2},
pages = {604--613},
publisher = {Elsevier B.V.},
title = {{PLUMED 2: New feathers for an old bird}},
volume = {185},
year = {2014}
}

@article{PlimptonLAMMPS1995,
author = {Plimpton, Steve},
journal = {J. Comput. Phys.},
month = {mar},
number = {1},
pages = {1--19},
publisher = {Academic Press},
title = {{Fast Parallel Algorithms for Short-Range Molecular Dynamics}},
volume = {117},
year = {1995}
}
